@article{Hussein2021high,
  doi = {10.1177/11782234211002499},
  url = {https://doi.org/10.1177/11782234211002499},
  year = {2021},
  publisher = {{SAGE} Publications},
  volume = {15},
  pages = {117822342110024},
  author = {Osama Hussein and Engy Mohamed El-Ghitany and Mawadda Omran and 
  Ghadier Matariek and Esraa Ahmed Elbadaly and Rana Hamdy and Amira Gamal and 
  Mai Mohamed Zayed and Ahmed Nasr and Omar Hamdy and Mohamed Elbasiony and Khaled Abdelwahab},
  title = {High Seroprevalence of Hepatitis C Virus Antibody in Breast Cancer Patients in Egypt},
  journal = {Breast Cancer: Basic and Clinical Research}
}

@article{Larrey2010is,
  doi = {10.3748/wjg.v16.i29.3687},
  url = {https://doi.org/10.3748/wjg.v16.i29.3687},
  year = {2010},
  publisher = {Baishideng Publishing Group Inc.},
  volume = {16},
  number = {29},
  pages = {3687},
  author = {Dominique Larrey},
  title = {Is chronic hepatitis C virus infection a risk factor for breast cancer?},
  journal = {World Journal of Gastroenterology}
}

@article{vishnu2016does,
	author = {Vishnu Prasad Adhikari and Lin-Jie Lu and Ling-Quan Kong},
	title = {Does hepatitis B virus infection cause breast cancer?},
	journal = {Chinese Clinical Oncology},
	volume = {5},
	number = {6},
	year = {2016},
  }
  
@misc{2020association,
  title = {Association of Hepatitis C Virus With Breast Cancer},
  author = {Mansoura University},
  howpublished = {\url{https://www.clinicaltrials.gov/ct2/show/study/NCT04090164?recrs=e&rslt=With&type=Obsr&draw=13&rank=112}},
  year = {2020},
}

@article{CitekeyArticle,
  author = {Arham Online},
  title = {Egypt, Qatar agree on exchanging expertise in the health field},
  year = {2022}
  url = {https://english.ahram.org.eg/News/477373.aspx}
}
